<?xml version="1.0" encoding="UTF-8"?><record xmlns="http://www.loc.gov/MARC21/slim" xmlns:cinclude="http://apache.org/cocoon/include/1.0" xmlns:zs="http://www.loc.gov/zing/srw/">
  <leader>00980cz  a2200205n  4500</leader>
  <controlfield tag="001">n  84073810 </controlfield>
  <controlfield tag="003">DLC</controlfield>
  <controlfield tag="005">20040521052103.0</controlfield>
  <controlfield tag="008">840619n| acannaabn          |a aaa      </controlfield>
  <datafield tag="010" ind1=" " ind2=" ">
    <subfield code="a">n  84073810 </subfield>
  </datafield>
  <datafield tag="035" ind1=" " ind2=" ">
    <subfield code="a">(OCoLC)oca01142002</subfield>
  </datafield>
  <datafield tag="040" ind1=" " ind2=" ">
    <subfield code="a">DLC</subfield>
    <subfield code="c">DLC</subfield>
    <subfield code="d">DLC</subfield>
    <subfield code="d">SG-SiILA</subfield>
  </datafield>
  <datafield tag="100" ind1="1" ind2=" ">
    <subfield code="a">Kulacēkaran̲, Es.</subfield>
  </datafield>
  <datafield tag="400" ind1="1" ind2=" ">
    <subfield code="a">Kulacēkaran̲, S.</subfield>
  </datafield>
  <datafield tag="400" ind1="1" ind2=" ">
    <subfield code="a">Kulacēkaran̲, Cu.</subfield>
  </datafield>
  <datafield tag="500" ind1="0" ind2=" ">
    <subfield code="a">Vēlai Vāṇan̲</subfield>
  </datafield>
  <datafield tag="670" ind1=" " ind2=" ">
    <subfield code="a">His Taṭātakaip Pirāṭṭi, 1982:</subfield>
    <subfield code="b">t.p. (Es. Kulacēkaran̲)</subfield>
  </datafield>
  <datafield tag="670" ind1=" " ind2=" ">
    <subfield code="a">His Vaiṇavattin̲ āl̲vārkaḷ kālanilai, 1988:</subfield>
    <subfield code="b">t.p. (Ṭākṭar S. Kulacēkaṙan̲) p. xvi (Cu. Kulacēkaran̲)</subfield>
  </datafield>
  <datafield tag="670" ind1=" " ind2=" ">
    <subfield code="a">His Oru ilakkiyavātiyin̲ in̲iya nin̲aivukaḷ, 1992:</subfield>
    <subfield code="b">t.p. (Es. Kulacēkaran̲ ; Vēlai Vāṇan̲) p. 3 (b. 5/1/1934 ; B. Com., Ph.D. (Calif. U.)</subfield>
  </datafield>
  <datafield tag="670" ind1=" " ind2=" ">
    <subfield code="a">Caiva camaya marumalarcci, 1993:</subfield>
    <subfield code="b">cover, p. 4 (B.Sc. (Chem.), B.Sc. (leather tech.), M.Tech. (leather tech.) Ph. D. (polymer sc.) faculty mem., Anna Tech. U., Madras)</subfield>
  </datafield>
</record>